<?xml version="1.0" encoding="UTF-8" ?>
<marc:collection xmlns:marc="http://www.loc.gov/MARC21/slim"
    xmlns:xsi="http://www.w3.org/2001/XMLSchema-instance"
    xsi:schemaLocation="http://www.loc.gov/MARC21/slim http://www.loc.gov/standards/marcxml/schema/MARC21slim.xsd">
    <marc:record>
        <marc:leader>01669cam a2200205 c 4500</marc:leader>
        <marc:datafield tag="020" ind1=" " ind2=" ">
            <marc:subfield code="a">8205256802</marc:subfield>
            <marc:subfield code="q">ib.</marc:subfield>
            <marc:subfield code="c">Nkr 349.00</marc:subfield>
        </marc:datafield>
        <marc:datafield tag="082" ind1="7" ind2="4">
            <marc:subfield code="a">038.820207</marc:subfield>
            <marc:subfield code="q">NO-OsNB</marc:subfield>
            <marc:subfield code="2">4/nor</marc:subfield>
        </marc:datafield>
        <marc:datafield tag="240" ind1="0" ind2="0">
            <marc:subfield code="a">Verden i dag :</marc:subfield>
            <marc:subfield code="b">en bruksanvisning</marc:subfield>
            <marc:subfield code="1">http://viaf.org/viaf/verdenidag_eksempel</marc:subfield>
        </marc:datafield>
        <marc:datafield tag="245" ind1="0" ind2="0">
            <marc:subfield code="a">Verden i dag :</marc:subfield>
            <marc:subfield code="b">en bruksanvisning</marc:subfield>
            <marc:subfield code="c">redigert av Cathrine Grøndahl, Janike Kampevold Larsen og Tore Renberg ; bokstavvignetter ved Kim Hiorthøy ; [billedredaksjon: Oddvar Aurstad ... [et al.] ; [enkelte tekster] er oversatt fra svensk og dansk av Trygve von Hirsch] </marc:subfield>
        </marc:datafield>
        <marc:datafield tag="260" ind1=" " ind2=" ">
            <marc:subfield code="a">[Oslo]</marc:subfield>
            <marc:subfield code="b">Gyldendal</marc:subfield>
            <marc:subfield code="c">2000</marc:subfield>
        </marc:datafield>
        <marc:datafield tag="300" ind1=" " ind2=" ">
            <marc:subfield code="a">303 s.</marc:subfield>
            <marc:subfield code="b">ill.</marc:subfield>
        </marc:datafield>
        <marc:datafield tag="336" ind1=" " ind2=" ">
            <marc:subfield code="a">text</marc:subfield>
            <marc:subfield code="2">rdacontent</marc:subfield>
            <marc:subfield code="0">http://rdaregistry.info/termList/RDAContentType/1020</marc:subfield>
        </marc:datafield>
        <marc:datafield tag="337" ind1=" " ind2=" ">
            <marc:subfield code="a">unmediated</marc:subfield>
            <marc:subfield code="2">rdamedia</marc:subfield>
            <marc:subfield code="0">http://rdaregistry.info/termList/RDAMediaType/1007</marc:subfield>
        </marc:datafield>
        <marc:datafield tag="338" ind1=" " ind2=" ">
            <marc:subfield code="a">volume</marc:subfield>
            <marc:subfield code="2">rdacarrier</marc:subfield>
            <marc:subfield code="0">http://rdaregistry.info/termList/RDACarrierType/1049</marc:subfield>
        </marc:datafield>
        <marc:datafield tag="700" ind1="1" ind2=" ">
            <marc:subfield code="a">Aurstad, Oddvar</marc:subfield>
            <marc:subfield code="e">bildered.</marc:subfield>
            <marc:subfield code="0">(NO-TrBIB)90834024</marc:subfield>
            <marc:subfield code="1">http://viaf.org/viaf/60552805</marc:subfield>
            <marc:subfield code="4">http://rdaregistry.info/Elements/e/object/P20330</marc:subfield>
        </marc:datafield>
        <marc:datafield tag="700" ind1="1" ind2=" ">
            <marc:subfield code="a">Grøndahl, Cathrine</marc:subfield>
            <marc:subfield code="d">1969-</marc:subfield>
            <marc:subfield code="e">red.</marc:subfield>
            <marc:subfield code="0">(NO-TrBIB)90782567</marc:subfield>
            <marc:subfield code="1">http://viaf.org/viaf/51783729</marc:subfield>
            <marc:subfield code="4">http://rdaregistry.info/Elements/e/object/P20330</marc:subfield>
        </marc:datafield>
        <marc:datafield tag="700" ind1="1" ind2=" ">
            <marc:subfield code="a">Hiorthøy, Kim</marc:subfield>
            <marc:subfield code="4">ill</marc:subfield>
            <marc:subfield code="1">http://viaf.org/viaf/80096464</marc:subfield>
            <marc:subfield code="4">http://rdaregistry.info/Elements/m/object/P30321</marc:subfield>
        </marc:datafield>
        <marc:datafield tag="700" ind1="1" ind2=" ">
            <marc:subfield code="a">Hirsch, Trygve von</marc:subfield>
            <marc:subfield code="4">trl</marc:subfield>
            <marc:subfield code="1">http://viaf.org/viaf/trygvevonhirsch_eksempel</marc:subfield>
            <marc:subfield code="4">http://rdaregistry.info/Elements/e/object/P20037</marc:subfield>
        </marc:datafield>
        <marc:datafield tag="700" ind1="1" ind2=" ">
            <marc:subfield code="a">Larsen, Janike Kampevold</marc:subfield>
            <marc:subfield code="d">1966-</marc:subfield>
            <marc:subfield code="e">red.</marc:subfield>
            <marc:subfield code="0">(NO-TrBIB)90719268</marc:subfield>
            <marc:subfield code="1">http://viaf.org/viaf/19327274</marc:subfield>
            <marc:subfield code="4">http://rdaregistry.info/Elements/e/object/P20330</marc:subfield>
        </marc:datafield>
        <marc:datafield tag="700" ind1="1" ind2=" ">
            <marc:subfield code="a">Renberg, Tore</marc:subfield>
            <marc:subfield code="d">1972-</marc:subfield>
            <marc:subfield code="e">red.</marc:subfield>
            <marc:subfield code="0">(NO-TrBIB)90858991</marc:subfield>
            <marc:subfield code="1">http://viaf.org/viaf/34565761</marc:subfield>
            <marc:subfield code="4">http://rdaregistry.info/Elements/e/object/P20330</marc:subfield>
        </marc:datafield>
    </marc:record>