
    <marc:record>
        <marc:leader>01209cam a2200217 c 4500</marc:leader>
        <marc:datafield tag="020" ind1=" " ind2=" ">
            <marc:subfield code="a">8205277729</marc:subfield>
            <marc:subfield code="q">h.</marc:subfield>
            <marc:subfield code="c">Nkr 89.00</marc:subfield>
        </marc:datafield>
        <marc:datafield tag="082" ind1="7" ind2="4">
            <marc:subfield code="a">839.823</marc:subfield>
            <marc:subfield code="q">NO-OsNB</marc:subfield>
            <marc:subfield code="2">4/nor</marc:subfield>
        </marc:datafield>
        <marc:datafield tag="100" ind1="1" ind2=" ">
            <marc:subfield code="a">Obstfelder, Sigbjørn</marc:subfield>
            <marc:subfield code="d">1866-1900</marc:subfield>
            <marc:subfield code="0">(NO-TrBIB)90076535</marc:subfield>
            <marc:subfield code="4">aut</marc:subfield>
            <marc:subfield code="1">http://viaf.org/viaf/69039405</marc:subfield>
            <marc:subfield code="4">http://rdaregistry.info/Elements/w/object/P10061</marc:subfield>
        </marc:datafield>
        <marc:datafield tag="240" ind1="0" ind2="0">
            <marc:subfield code="a">En prests dagbog</marc:subfield>
            <marc:subfield code="1">http://viaf.org/viaf/214006009</marc:subfield>
        </marc:datafield>
        <marc:datafield tag="245" ind1="1" ind2="3">
            <marc:subfield code="a">En prests dagbog</marc:subfield>
            <marc:subfield code="c">Sigbjørn Obstfelder ; med etterord av Tore Renberg </marc:subfield>
        </marc:datafield>
        <marc:datafield tag="260" ind1=" " ind2=" ">
            <marc:subfield code="a">[Oslo]</marc:subfield>
            <marc:subfield code="b">Gyldendal</marc:subfield>
            <marc:subfield code="c">2001</marc:subfield>
        </marc:datafield>
        <marc:datafield tag="300" ind1=" " ind2=" ">
            <marc:subfield code="a">117 s.</marc:subfield>
        </marc:datafield>
        <marc:datafield tag="336" ind1=" " ind2=" ">
            <marc:subfield code="a">text</marc:subfield>
            <marc:subfield code="2">rdacontent</marc:subfield>
            <marc:subfield code="0">http://rdaregistry.info/termList/RDAContentType/1020</marc:subfield>
        </marc:datafield>
        <marc:datafield tag="337" ind1=" " ind2=" ">
            <marc:subfield code="a">unmediated</marc:subfield>
            <marc:subfield code="2">rdamedia</marc:subfield>
            <marc:subfield code="0">http://rdaregistry.info/termList/RDAMediaType/1007</marc:subfield>
        </marc:datafield>
        <marc:datafield tag="338" ind1=" " ind2=" ">
            <marc:subfield code="a">volume</marc:subfield>
            <marc:subfield code="2">rdacarrier</marc:subfield>
            <marc:subfield code="0">http://rdaregistry.info/termList/RDACarrierType/1049</marc:subfield>
        </marc:datafield>
        <marc:datafield tag="490" ind1="1" ind2=" ">
            <marc:subfield code="a">Gyldendal klassiker</marc:subfield>
        </marc:datafield>
        <marc:datafield tag="500" ind1=" " ind2=" ">
            <marc:subfield code="a">1. utg. København : Gyldendalske Boghandel, 1900 med tittel: En Præsts Dagbog</marc:subfield>
        </marc:datafield>
        <marc:datafield tag="700" ind1="1" ind2=" ">
            <marc:subfield code="a">Renberg, Tore</marc:subfield>
            <marc:subfield code="d">1972-</marc:subfield>
            <marc:subfield code="0">(NO-TrBIB)90858991</marc:subfield>
            <marc:subfield code="4">aft</marc:subfield>
            <marc:subfield code="1">http://viaf.org/viaf/34565761</marc:subfield>
            <marc:subfield code="4">http://rdaregistry.info/Elements/m/object/P30328</marc:subfield>
        </marc:datafield>
        <marc:datafield tag="740" ind1="3" ind2=" ">
            <marc:subfield code="a">En præsts dagbog</marc:subfield>
        </marc:datafield>
        <marc:datafield tag="740" ind1="3" ind2=" ">
            <marc:subfield code="a">En prests dagbok</marc:subfield>
        </marc:datafield>
        <marc:datafield tag="830" ind1=" " ind2="0">
            <marc:subfield code="a">Gyldendal klassiker</marc:subfield>
        </marc:datafield>
    </marc:record>