
    <marc:record>
        <marc:leader>00966cam a2200181 c 4500</marc:leader>
        <marc:datafield tag="020" ind1=" " ind2=" ">
            <marc:subfield code="a">8202221676</marc:subfield>
            <marc:subfield code="q">ib.</marc:subfield>
            <marc:subfield code="c">Nkr 199.00</marc:subfield>
        </marc:datafield>
        <marc:datafield tag="041" ind1="1" ind2=" ">
            <marc:subfield code="h">nob</marc:subfield>
        </marc:datafield>
        <marc:datafield tag="080" ind1=" " ind2=" ">
            <marc:subfield code="a">839.6</marc:subfield>
        </marc:datafield>
        <marc:datafield tag="082" ind1="7" ind2="4">
            <marc:subfield code="a">839.823</marc:subfield>
            <marc:subfield code="q">NO-OsNB</marc:subfield>
            <marc:subfield code="2">4/nor</marc:subfield>
        </marc:datafield>
        <marc:datafield tag="100" ind1="1" ind2=" ">
            <marc:subfield code="a">Renberg, Tore</marc:subfield>
            <marc:subfield code="d">1972-</marc:subfield>
            <marc:subfield code="0">(NO-TrBIB)90858991</marc:subfield>
            <marc:subfield code="4">aut</marc:subfield>
            <marc:subfield code="1">http://viaf.org/viaf/34565761</marc:subfield>
            <marc:subfield code="4">http://rdaregistry.info/Elements/w/object/P10061</marc:subfield>
        </marc:datafield>
        <marc:datafield tag="240" ind1="0" ind2="0">
            <marc:subfield code="a">Trillefolket :</marc:subfield>
            <marc:subfield code="b">hva hendte med Kjartan? </marc:subfield>
            <marc:subfield code="1">http://viaf.org/viaf/trillefolket_eksempel</marc:subfield>
        </marc:datafield>
        <marc:datafield tag="245" ind1="1" ind2="0">
            <marc:subfield code="a">Trillefolket :</marc:subfield>
            <marc:subfield code="b">hva hendte med Kjartan?</marc:subfield>
            <marc:subfield code="c">Tore Renberg ; tegninger av Per Dybvig </marc:subfield>
        </marc:datafield>
        <marc:datafield tag="260" ind1=" " ind2=" ">
            <marc:subfield code="a">[Oslo]</marc:subfield>
            <marc:subfield code="b">Cappelen</marc:subfield>
            <marc:subfield code="c">2002</marc:subfield>
        </marc:datafield>
        <marc:datafield tag="300" ind1=" " ind2=" ">
            <marc:subfield code="a">91 s.</marc:subfield>
            <marc:subfield code="b">ill.</marc:subfield>
        </marc:datafield>
        <marc:datafield tag="336" ind1=" " ind2=" ">
            <marc:subfield code="a">text</marc:subfield>
            <marc:subfield code="2">rdacontent</marc:subfield>
            <marc:subfield code="0">http://rdaregistry.info/termList/RDAContentType/1020</marc:subfield>
        </marc:datafield>
        <marc:datafield tag="337" ind1=" " ind2=" ">
            <marc:subfield code="a">unmediated</marc:subfield>
            <marc:subfield code="2">rdamedia</marc:subfield>
            <marc:subfield code="0">http://rdaregistry.info/termList/RDAMediaType/1007</marc:subfield>
        </marc:datafield>
        <marc:datafield tag="338" ind1=" " ind2=" ">
            <marc:subfield code="a">volume</marc:subfield>
            <marc:subfield code="2">rdacarrier</marc:subfield>
            <marc:subfield code="0">http://rdaregistry.info/termList/RDACarrierType/1049</marc:subfield>
        </marc:datafield>
        <marc:datafield tag="700" ind1="1" ind2=" ">
            <marc:subfield code="a">Dybvig, Per</marc:subfield>
            <marc:subfield code="d">1964-</marc:subfield>
            <marc:subfield code="4">ill</marc:subfield>
            <marc:subfield code="0">(NO-TrBIB)90612202</marc:subfield>
            <marc:subfield code="1">http://viaf.org/viaf/10543719</marc:subfield>
            <marc:subfield code="4">http://rdaregistry.info/Elements/w/object/P10058</marc:subfield>
        </marc:datafield>
    </marc:record>